@inbook{
	Dameray_Levenshtein,
	author="Черненький В. М., Гапанюк Ю. Е.",
	title="Методика идентификации пассажира по установочным данным / Вестник МГТУ им. Н.Э. Баумана. Сер. “Приборостроение”",
	volume=163,
	chapter=4,
	publisher="--- М.: Издательство МГТУ им. Н.Э. Баумана",
	pages="30-34",
	language="russian",
	year=2012
}

@inbook{
	Levenshtein,
	author="Левенштейн, В. И.",
	title="Двоичные коды с исправлением выпадений, вставок и замещений символов / Доклады АН СССР.",
	publisher="-- М.: «Наука»",
	volume=163,
	chapter=4,
	pages="845--848",
	language="russian",
	year=1965
}


@misc{4gand5g,
	title="Communications Standards for Unmanned Aircraft Systems: The 3GPP Perspective and Research Drivers [Электронный ресурс]",
	howpublished="Режим доступа: \url{https://ieeexplore.ieee.org/document/9392776} (дата обращения: 23.11.2022)"
}

@misc{spreadspecsignals,
	title="SPREAD SPECTRUM SIGNALS IN MODERN COMMUNICATIONS [Электронный ресурс]",
	howpublished="Режим доступа: \url{https://www.researchgate.net/publication/228540839_SPREAD_SPECTRUM_SIGNALS_IN_MODERN_COMMUNICATIONS} (дата обращения: 23.11.2022)"
}

@misc{signalmodulation,
	title="Модуляция сигнала [Электронный ресурс]",
	howpublished="Режим доступа: \url{https://mobilradio.ru/information/vocabulary/modulation.htm} (дата обращения: 23.11.2022)"
}

@misc{radioelecpomeh,
	title="Радиоэлектронные помехи [Электронный ресурс]",
	howpublished="Режим доступа: \url{http://zrv.ivo.unn.ru/pages/vtp/5/5-5-radioelektronnye-pomekhi.htm} (дата обращения: 23.11.2022)"
}

@misc{signaltointer,
	title="Отношение сигнал / помеха [Электронный ресурс]",
	howpublished="Режим доступа: \url{https://wiki5.ru/wiki/Signal-to-interference_ratio} (дата обращения: 23.11.2022)"
}

@misc{wifidiapazon,
	title="UAV Communication Systems [Электронный ресурс]",
	howpublished="Режим доступа: \url{https://www.extendingbroadband.com/aerial-tracking/drone-communication-systems/} (дата обращения: 23.11.2022)"
}


